
@article{Schirrmeister,
	author = {Schirrmeister RT, Springenberg JT, Fiederer LDJ et al.},
	year = 2017,
	title = {Deep learning with convolutional neural networks for EEG decoding and visualization},
	journal = {Human Brain Mapping. 2017;38(11):5391-5420. doi:10.1002/hbm.23730},
	link = {https://arxiv.org/pdf/1703.05051.pdf}
}



@article{Rezaei,
	author = {Yousef Rezaei Tabar and Ugur Halici},
	year = 2016,
	title = {A novel deep learning approach for classification of EEG motor imagery signals},
	journal = {Journal of neural engineering},
	link={http://iopscience.iop.org/article/10.1088/1741-2560/14/1/016003/meta}
}

@article{Stober,
	author = {Sebastian Stober, Avital Sternin, Adrian M. Owen & Jessica A. Grahn},
	year = 2016,
	title = {Deep feature learning for EEG recordings},
	journal = {ICLR 2016},
	link={https://arxiv.org/pdf/1511.04306.pdf}
}

@article{Zheng,
	author = {Wei-Long Zheng, Jia-Yi Zhu, Yong Peng, and Bao-Liang Lu},
	year = 2016,
	title = {EEG-BASED EMOTION CLASSIFICATION USING DEEP BELIEF NETWORKS},
	journal = {ICLR 2016},
	link={https://www.researchgate.net/profile/Yong_Peng2/publication/270762110_EEG-based_emotion_classification_using_deep_belief_networks/links/54b474260cf2318f0f96de3f.pdf}
}

