@article{dleeg,
	author = "Schirrmeister RT, Springenberg JT, Fiederer LDJ et al.",
	year = "2017",
	title = "Deep learning with convolutional neural networks for EEG decoding and visualization",
	journal = "Human Brain Mapping. 2017;38(11):5391-5420. doi:10.1002/hbm.23730"
}
